% Vorlagen für Quellen das Literaturverzeichnis "?" is in bibtex zum auskommentieren
% (alles mit ?_ ist zusätzlich und nicht primär relevant)
% siehe https://en.wikibooks.org/wiki/LaTeX/Bibliography_Management#BibTeX für weitere Informationen
% cheat sheet: http://tug.ctan.org/info/biblatex-cheatsheet/biblatex-cheatsheet.pdf

% wenn du mit Citavi arbeitest und die Datumsangaben im YYYY-MM-DD Format vorliegen, kannst du das Skript ./parse_bib.py verwenden (Achtung: muss im Root-Verzeichnis des Ordners ausgeführt werden)

@misc{Xmisc,
  ?_author       = {},
  ?_title        = {},
  ?_howpublished = {},
  ?_year         = {XXXX},
  ?_url          = {},
  ?_urldate      = {},
  ?_month        = {},
  ?_note         = {}
}
